<?xml version="1.0" encoding="UTF-8"?>
<record xmlns="http://www.loc.gov/MARC21/slim">
   <leader>01920cam a2200325M  4500</leader>
   <controlfield tag="001">2764427</controlfield>
   <controlfield tag="003">NjP</controlfield>
   <controlfield tag="005">20190705144809.0</controlfield>
   <controlfield tag="008">890911s1922    ua            000 0 arax </controlfield>
   <datafield tag="024" ind1="7" ind2=" ">
      <subfield code="a">princeton_aco004162</subfield>
      <subfield code="2">local</subfield>
   </datafield>
   <datafield ind1=" " ind2=" " tag="010">
      <subfield code="a">   74212747 </subfield>
   </datafield>
   <datafield ind1=" " ind2=" " tag="035">
      <subfield code="9">CNF9721TS</subfield>
   </datafield>
   <datafield ind1=" " ind2=" " tag="035">
      <subfield code="a">(NjP)2764427</subfield>
   </datafield>
   <datafield ind1=" " ind2=" " tag="040">
      <subfield code="a">DLC</subfield>
      <subfield code="c">PUL</subfield>
      <subfield code="d">PUL</subfield>
   </datafield>
   <datafield ind1=" " ind2=" " tag="049">
      <subfield code="a">PULL</subfield>
   </datafield>
   <datafield ind1=" " ind2=" " tag="035">
      <subfield code="a">(OCoLC)ocm24408054</subfield>
   </datafield>
   <datafield ind1="1" ind2=" " tag="100">
      <subfield code="6">880-01</subfield>
      <subfield code="a">Mustafa Fazıl Paşa,</subfield>
      <subfield code="d">1830-1875.</subfield>
      <subfield code="0">http://id.loc.gov/authorities/names/no95033847</subfield>
   </datafield>
   <datafield ind1="1" ind2="0" tag="245">
      <subfield code="6">880-02</subfield>
      <subfield code="a">Min amīr ilá Sulṭān,</subfield>
      <subfield code="b">tarjamat al-Khiṭāb alladhī rafaʻahu al-Amīr Muṣṭafā Fāḍil Bāshā ilá ṣāḥib al-jalālah al-Sulṭān ʻAbd al-ʻAzīz sanat 1866. Nagalahu ilá al-lughah al-ʻArabiyah Aḥmad Fatḥī Zaghlūl, ʻUniya bi-taṣḥīḥihi wa-nashrih Tawfig al-Rāfiʻī.</subfield>
   </datafield>
   <datafield ind1=" " ind2=" " tag="260">
      <subfield code="6">880-03</subfield>
      <subfield code="a">Miṣr,</subfield>
      <subfield code="b">Yuṭlab min al-Maktabah al-Tijārīyah,</subfield>
      <subfield code="c">[Pref. 1922]</subfield>
   </datafield>
   <datafield ind1=" " ind2=" " tag="300">
      <subfield code="a">28 p.</subfield>
      <subfield code="c">25 cm.</subfield>
   </datafield>
   <datafield ind1=" " ind2=" " tag="500">
      <subfield code="a">In Arabic.</subfield>
   </datafield>
   <datafield ind1=" " ind2=" " tag="500">
      <subfield code="a">An open letter first Published in French newspaper Liberté, March 24, 1867. Known under title: Lettre adressée á S. M. le Sultan.</subfield>
   </datafield>
   <datafield ind1=" " ind2=" " tag="500">
      <subfield code="a">Translated from Turkish into Arabic by A.Fathī Zaghlūl.</subfield>
   </datafield>
   <datafield ind1=" " ind2="0" tag="650">
      <subfield code="a">Constitutional law</subfield>
      <subfield code="z">Turkey.</subfield>
      <subfield code="0">http://id.loc.gov/authorities/subjects/sh2009120811</subfield>
   </datafield>
   <datafield ind1="1" ind2=" " tag="880">
      <subfield code="6">100-01/r</subfield>
      <subfield code="a">مصطفى فاضل باشا ،</subfield>
      <subfield code="d">1830-1875.</subfield>
   </datafield>
   <datafield ind1="1" ind2="0" tag="880">
      <subfield code="6">245-02/r</subfield>
      <subfield code="a">من امير الى سلطان،</subfield>
      <subfield code="b">ترجمة الخطاب الذي رفعه الامير مصطفى فاضل باشا الى صاحب الجلالة السلطان عبد العزيز سنة 1866. نقله الى اللغة العربية احمد فتحي زغلول، عني بتصحيحه ونشره توفق الرافعي.</subfield>
   </datafield>
   <datafield ind1=" " ind2=" " tag="880">
      <subfield code="6">260-03/r</subfield>
      <subfield code="a">مصر،</subfield>
      <subfield code="b">يطلب من المكتبة التجارية،</subfield>
      <subfield code="c">[Pref. . 1922]</subfield>
   </datafield>
   <datafield ind1="4" ind2=" " tag="856">
      <subfield code="u">http://hdl.handle.net/2027/njp.32101073252353</subfield>
   </datafield>
   <datafield ind1=" " ind2=" " tag="911">
      <subfield code="a">20000130</subfield>
   </datafield>
   <datafield ind1=" " ind2=" " tag="994">
      <subfield code="a">C0</subfield>
      <subfield code="b">PUL</subfield>
   </datafield>
   <datafield ind1=" " ind2=" " tag="999">
      <subfield code="a">2764427</subfield>
   </datafield>
   <datafield ind1=" " ind2=" " tag="979">
      <subfield code="a">(OCoLC)ocn178341851</subfield>
   </datafield>
   <datafield ind1="8" ind2="0" tag="852">
      <subfield code="0">3075216</subfield>
      <subfield code="b">rcppa</subfield>
      <subfield code="t">1</subfield>
      <subfield code="h">2070.5874.364.9</subfield>
      <subfield code="x">tr fr f</subfield>
   </datafield>
   <datafield ind1="8" ind2=" " tag="852">
      <subfield code="0">8746848</subfield>
      <subfield code="b">elf1</subfield>
      <subfield code="h">Electronic Resource</subfield>
   </datafield>
   <datafield ind1=" " ind2=" " tag="959">
      <subfield code="a">2000-06-08 00:00:00 -0500</subfield>
   </datafield>
</record>
